@article{Haut2017CloudAnalysis,
    title = {Cloud implementation of the K-means algorithm for hyperspectral image analysis},
    year = {Jan. 2017},
    journal = {J. Supercomput.},
    author = {Haut, J.M. and Paoletti, M. and Plaza, J. and Plaza, A.},
    number = {1},
    volume = {73},
    pages = {514-529},
    doi = {10.1007/s11227-016-1896-3},
    issn = {15730484},
    keywords = {Cloud computing, Hyperspectral imaging, K-means clustering}
}

@article{Green1998ImagingAVIRIS,
    title = {{Imaging spectroscopy and the Airborne Visible/Infrared Imaging Spectrometer (AVIRIS)}},
    year = {1998},
    journal = {Remote Sensing of Environment},
    author = {Green, Robert O. and Eastwood, Michael L. and Sarture, Charles M. and Chrien, Thomas G. and Aronsson, Mikael and Chippendale, Bruce J. and Faust, Jessica A. and Pavri, Betina E. and Chovit, Christopher J. and Solis, Manuel and Olah, Martin R. and Williams, Orlesa},
    number = {3},
    pages = {227--248},
    volume = {65},
    url = {http://www.sciencedirect.com/science/article/pii/S0034425798000649},
    isbn = {0034-4257},
    doi = {10.1016/S0034-4257(98)00064-9},
    pmid = {18485880}
}